<?xml version="1.0" encoding="UTF-8"?><record xmlns="http://www.loc.gov/MARC21/slim" xmlns:cinclude="http://apache.org/cocoon/include/1.0" xmlns:zs="http://www.loc.gov/zing/srw/">
  <leader>00509cz  a2200133n  4500</leader>
  <controlfield tag="001">n  90719216 </controlfield>
  <controlfield tag="003">DLC</controlfield>
  <controlfield tag="005">19901130072436.7</controlfield>
  <controlfield tag="008">901129n| acannaab|          |a ana |||  </controlfield>
  <datafield tag="010" ind1=" " ind2=" ">
    <subfield code="a">n  90719216 </subfield>
  </datafield>
  <datafield tag="040" ind1=" " ind2=" ">
    <subfield code="a">DLC</subfield>
    <subfield code="c">DLC</subfield>
    <subfield code="d">DLC</subfield>
  </datafield>
  <datafield tag="110" ind1="2" ind2="0">
    <subfield code="a">Bŭlgarska akademii︠a︡ na naukite.</subfield>
    <subfield code="t">Akademit︠s︡i i chlen-korespondenti, 1869-1984.</subfield>
    <subfield code="l">English</subfield>
  </datafield>
  <datafield tag="410" ind1="2" ind2="0">
    <subfield code="a">Bŭlgarska akademii︠a︡ na naukite.</subfield>
    <subfield code="t">Academicians and corresponding members, 1869-1984</subfield>
  </datafield>
  <datafield tag="670" ind1=" " ind2=" ">
    <subfield code="a">Its Academicians and corresponding members, 1869-1984, 1989.</subfield>
  </datafield>
</record>